<record><leader>00000cas a22000007a 4500</leader><controlfield tag="001">21729949</controlfield><controlfield tag="008">900607d18951902couwr ne      0    0eng d</controlfield><datafield ind1=" " ind2=" " tag="010"><subfield code="a">sn 90051383 </subfield></datafield><datafield ind1=" " ind2=" " tag="040"><subfield code="a">CNQ</subfield><subfield code="b">eng</subfield><subfield code="c">CNQ</subfield><subfield code="d">OCLCQ</subfield></datafield><datafield ind1=" " ind2=" " tag="042"><subfield code="a">msc</subfield></datafield><datafield ind1="0" ind2=" " tag="130"><subfield code="a">Craig courier (Craig, Colo. : 1895)</subfield></datafield><datafield ind1="1" ind2="0" tag="245"><subfield code="a">Craig courier.</subfield></datafield><datafield ind1=" " ind2=" " tag="260"><subfield code="a">Craig, Moffat County, Colo. :</subfield><subfield code="b">Humphrey Jones</subfield></datafield><datafield ind1=" " ind2=" " tag="300"><subfield code="a">v.</subfield></datafield><datafield ind1=" " ind2=" " tag="310"><subfield code="a">Weekly</subfield></datafield><datafield ind1="0" ind2=" " tag="362"><subfield code="a">Vol. 1, no. 1 (June 15, 1895)-v. 8, no. 22 (Nov. 14, 1902) = v. 4, no. 49-v. 12, no. 20.</subfield></datafield><datafield ind1=" " ind2=" " tag="530"><subfield code="a">Available on microfilm from the Colorado Historical Society.</subfield></datafield><datafield ind1=" " ind2=" " tag="752"><subfield code="a">United States</subfield><subfield code="b">Colorado</subfield><subfield code="c">Moffat</subfield><subfield code="d">Craig.</subfield></datafield><datafield ind1="0" ind2="0" tag="780"><subfield code="t">Pantagraph (Craig, Colo. : 1891)</subfield><subfield code="w">(DLC)sn 90051369</subfield></datafield><datafield ind1="0" ind2="0" tag="785"><subfield code="t">Routt County courier</subfield><subfield code="w">(DLC)sn 90051384</subfield></datafield></record>